@article{session,
author = {H\"{u}ttel, Hans and Lanese, Ivan and Vasconcelos, Vasco T. and Caires, Lu\'{\i}s and Carbone, Marco and Deni\'{e}lou, Pierre-Malo and Mostrous, Dimitris and Padovani, Luca and Ravara, Ant\'{o}nio and Tuosto, Emilio and Vieira, Hugo Torres and Zavattaro, Gianluigi},
title = {Foundations of Session Types and Behavioural Contracts},
year = {2016},
publisher = {Association for Computing Machinery},
address = {New York, NY, USA},
volume = {49},
number = {1},
issn = {0360-0300},
url = {https://doi.org/10.1145/2873052},
doi = {10.1145/2873052},
journal = {ACM Comput. Surv.},
month = {apr},
articleno = {3},
numpages = {36},
keywords = {Behavioural types}
}

@book{linear,
  title={Advanced Topics in Types and Programming Languages},
  author={Pierce, B.C.},
  isbn={9780262162289},
  lccn={2004057123},
  series={The MIT Press},
  url={https://books.google.pt/books?id=GLdNEAAAQBAJ},
  year={2004},
  publisher={MIT Press}
}

@inproceedings{refinement,
author = {Freeman, Tim and Pfenning, Frank},
title = {Refinement Types for ML},
year = {1991},
isbn = {0897914287},
publisher = {Association for Computing Machinery},
address = {New York, NY, USA},
url = {https://doi.org/10.1145/113445.113468},
doi = {10.1145/113445.113468},
booktitle = {Proceedings of the ACM SIGPLAN 1991 Conference on Programming Language Design and Implementation},
pages = {268–277},
numpages = {10},
location = {Toronto, Ontario, Canada},
series = {PLDI '91}
}

@article{liquidate-assets,
author = {Handley, Martin A. T. and Vazou, Niki and Hutton, Graham},
title = {Liquidate Your Assets: Reasoning about Resource Usage in Liquid Haskell},
year = {2019},
issue_date = {January 2020},
publisher = {Association for Computing Machinery},
address = {New York, NY, USA},
volume = {4},
number = {POPL},
url = {https://doi.org/10.1145/3371092},
doi = {10.1145/3371092},
journal = {Proc. ACM Program. Lang.},
month = {dec},
articleno = {24},
numpages = {27},
keywords = {resource analysis, static verification, refinement types}
}

@inproceedings{LiquidHaskell,
author = {Vazou, Niki and Seidel, Eric L. and Jhala, Ranjit and Vytiniotis, Dimitrios and Peyton-Jones, Simon},
title = {Refinement Types for Haskell},
year = {2014},
isbn = {9781450328739},
publisher = {Association for Computing Machinery},
address = {New York, NY, USA},
url = {https://doi.org/10.1145/2628136.2628161},
doi = {10.1145/2628136.2628161},
booktitle = {Proceedings of the 19th ACM SIGPLAN International Conference on Functional Programming},
pages = {269–282},
numpages = {14},
location = {Gothenburg, Sweden},
series = {ICFP '14}
}

@InProceedings{LiquidJava, 
author = {Catarina Gamboa and Paulo Canelas Santos and Christopher Timperley and Alcides Fonseca}, 
title = {LiquidJava: Adding Lightweight Verification to Java}, 
booktitle = {INFORUM}, 
year = 2021, 
pages = {-},
address = {},
publisher = {} 
}

@inproceedings{gradual,
author = {Thatte, Satish},
title = {Quasi-Static Typing},
year = {1989},
isbn = {0897913434},
publisher = {Association for Computing Machinery},
address = {New York, NY, USA},
url = {https://doi.org/10.1145/96709.96747},
doi = {10.1145/96709.96747},
booktitle = {Proceedings of the 17th ACM SIGPLAN-SIGACT Symposium on Principles of Programming Languages},
pages = {367–381},
numpages = {15},
location = {San Francisco, California, USA},
series = {POPL '90}
}

@InProceedings{gradual-objects,
author="Siek, Jeremy
and Taha, Walid",
editor="Ernst, Erik",
title="Gradual Typing for Objects",
booktitle="ECOOP 2007 -- Object-Oriented Programming",
year="2007",
publisher="Springer Berlin Heidelberg",
address="Berlin, Heidelberg",
pages="2--27",
isbn="978-3-540-73589-2"
}

@inproceedings{DBLP:conf/pldi/RondonKJ08,
  author    = {Patrick Maxim Rondon and
               Ming Kawaguchi and
               Ranjit Jhala},
  editor    = {Rajiv Gupta and
               Saman P. Amarasinghe},
  title     = {Liquid types},
  booktitle = {Proceedings of the {ACM} {SIGPLAN} 2008 Conference on Programming
               Language Design and Implementation, Tucson, AZ, USA, June 7-13, 2008},
  pages     = {159--169},
  publisher = {{ACM}},
  year      = {2008},
  url       = {https://doi.org/10.1145/1375581.1375602},
  doi       = {10.1145/1375581.1375602},
  timestamp = {Fri, 25 Jun 2021 14:48:54 +0200},
  biburl    = {https://dblp.org/rec/conf/pldi/RondonKJ08.bib},
  bibsource = {dblp computer science bibliography, https://dblp.org}
}

@misc{wits-error-messages, 
  title   = {Understandable and Useful Error Messages for Liquid Types}, 
  author  = {Alcides Fonseca and Catarina Gamboa and João David and Guilherme Espada and Paulo Canelas},
  url     = {https://www.youtube.com/watch?v=_SBqwdSFLk8}, 
  howpublished  = {\url{https://www.youtube.com/watch?v=_SBqwdSFLk8}}, 
  journal = {Workshop on the Implementation of Type Systems}, 
  year    = 2022
} 

@inproceedings{apel2013,
author = {Apel, Sven and Kolesnikov, Sergiy and Siegmund, Norbert and K\"{a}stner, Christian and Garvin, Brady},
title = {Exploring Feature Interactions in the Wild: The New Feature-Interaction Challenge},
year = {2013},
isbn = {9781450321686},
publisher = {Association for Computing Machinery},
address = {New York, NY, USA},
url = {https://doi.org/10.1145/2528265.2528267},
doi = {10.1145/2528265.2528267},
booktitle = {Proceedings of the 5th International Workshop on Feature-Oriented Software Development},
pages = {1–8},
numpages = {8},
keywords = {feature modularity, feature-oriented software development, feature interactions, feature-interaction problem},
location = {Indianapolis, Indiana, USA},
series = {FOSD '13}
}
